<?xml version="1.0" encoding="UTF-8"?><collection xmlns="http://www.loc.gov/MARC21/slim"><record><leader>00420nam--2200121-i-4500</leader><controlfield tag="001">000010164</controlfield><controlfield tag="002">20161230</controlfield><controlfield tag="005">20161230201028</controlfield><controlfield tag="008">060222s1000------------r-----000-0-eng-d</controlfield><datafield ind1=" " ind2=" " tag="080"><subfield code="a">061.6(047:493)</subfield></datafield><datafield ind1=" " ind2=" " tag="245"><subfield code="a">Belgonucleaire.societe anonyme.rappotrs du conseil d administration et du college des commissaires a l assemblee generale annuelle du 27 avril 1972</subfield></datafield><datafield ind1=" " ind2=" " tag="260"><subfield code="a">Bruxelles, Belgonucleaire, 1972. 29 P</subfield></datafield><datafield ind1=" " ind2=" " tag="852"><subfield code="a">36753</subfield></datafield></record></collection>